@article{Alhazmi:2007:MAP:2639538.2639863,
 author = {Alhazmi, O. H. and Malaiya, Y. K. and Ray, I.},
 title = {Measuring, Analyzing and Predicting Security Vulnerabilities in Software Systems},
 journal = {Comput. Secur.},
 issue_date = {May, 2007},
 volume = {26},
 number = {3},
 month = may,
 year = {2007},
 issn = {0167-4048},
 pages = {219--228},
 numpages = {10},
 url = {http://dx.doi.org/10.1016/j.cose.2006.10.002},
 doi = {10.1016/j.cose.2006.10.002},
 acmid = {2639863},
 publisher = {Elsevier Advanced Technology Publications},
 address = {Oxford, UK, UK},
 keywords = {Defect density, Quantitative security modeling, Risk evaluation, Security holes, Vulnerabilities},
} 

@inproceedings{thyssen2010system,
  title={A System for Seamless Abstraction Layers for Model-based Development of Embedded Software.},
  author={Thyssen, Judith and Ratiu, Daniel and Schwitzer, Wolfgang and Harhurin, Alexander and Feilkas, Martin and Thaden, Eike},
  booktitle={Software Engineering (Workshops)},
  pages={137--148},
  year={2010}
}

@inproceedings{Pilgrim2012ComputeruntersttzteMM,
  title={Computerunterst{\"{u}tzte Modelltransformationen: Modellierungstheorie, Konzeption und Visualisierung im Rahmen modellgetriebener Entwicklungsverfahren}},
  author={Jens von Pilgrim},
  year={2012},
}

@Inbook{Strommer2008,
author="Strommer, Michael
and Wimmer, Manuel",
editor="Paige, Richard F.
and Meyer, Bertrand",
title="A Framework for Model Transformation By-Example: Concepts and Tool Support",
bookTitle="Objects, Components, Models and Patterns: 46th International Conference, TOOLS EUROPE 2008, Zurich, Switzerland, June 30 - July 4, 2008. Proceedings",
year="2008",
publisher="Springer Berlin Heidelberg",
address="Berlin, Heidelberg",
pages="372--391",
isbn="978-3-540-69824-1",
doi="10.1007/978-3-540-69824-1_21",
url="http://dx.doi.org/10.1007/978-3-540-69824-1_21"
}




@inproceedings{Almorsy:2013:ASA:2486788.2486875,
 author = {Almorsy, Mohamed and Grundy, John and Ibrahim, Amani S.},
 title = {Automated Software Architecture Security Risk Analysis Using Formalized Signatures},
 booktitle = {Proceedings of the 2013 International Conference on Software Engineering},
 series = {ICSE '13},
 year = {2013},
 isbn = {978-1-4673-3076-3},
 location = {San Francisco, CA, USA},
 pages = {662--671},
 numpages = {10},
 url = {http://dl.acm.org/citation.cfm?id=2486788.2486875},
 acmid = {2486875},
 publisher = {IEEE Press},
 address = {Piscataway, NJ, USA},
} 

@inproceedings{du2013architecture,
  title={Architecture Security Evaluation Method Based on Security of the Components},
  author={Du, Changxiao and Li, Xiaohong and Shi, Hong and Hu, Jing and Feng, Ruitao and Feng, Zhiyong},
  booktitle={2013 20th Asia-Pacific Software Engineering Conference (APSEC)},
  volume={1},
  pages={523--528},
  year={2013},
  organization={IEEE}
}

@article{shaw1995abstractions,
  title={Abstractions for software architecture and tools to support them},
  author={Shaw, Mary and DeLine, Robert and Klein, Daniel V. and Ross, Theodore L. and Young, David M. and Zelesnik, Gregory},
  journal={IEEE Transactions on software engineering},
  volume={21},
  number={4},
  pages={314--335},
  year={1995},
  publisher={IEEE}
}

@inproceedings{piessens,
  title={A taxonomy of causes of software vulnerabilities in internet software},
  author={Piessens, Frank},
  organization={Citeseer}
}

@Inbook{bjorner,
author="Bj{\o}rner, Dines",
editor="Bj{\o}rner, Dines
and Jones, Cliff B.",
title="Software abstraction principles: Tutorial examples of an operating system command language specification and a PL/I-like on-condition language definition",
bookTitle="The Vienna Development Method: The Meta-Language",
year="1978",
publisher="Springer Berlin Heidelberg",
address="Berlin, Heidelberg",
pages="337--374",
isbn="978-3-540-35836-7",
doi="10.1007/3-540-08766-4_13",
url="http://dx.doi.org/10.1007/3-540-08766-4_13"
}

@book{pohl,
 author = {Pohl, Klaus and Hönninger, Harald and Achatz, Reinhold and Broy, Manfred},
 title = {Model-Based Engineering of Embedded Systems: The SPES 2020 Methodology},
 year = {2012},
 isbn = {3642346138, 9783642346132},
 publisher = {Springer Publishing Company, Incorporated},
} 

@Inbook{alvarez,
author="{\'A}lvarez, Jos{\'e} M.
and Evans, Andy
and Sammut, Paul",
editor="Gogolla, Martin
and Kobryn, Cris",
title="Mapping between Levels in the Metamodel Architecture",
bookTitle="≪UML≫ 2001 --- The Unified Modeling Language. Modeling Languages, Concepts, and Tools: 4th International Conference Toronto, Canada, October 1--5, 2001 Proceedings",
year="2001",
publisher="Springer Berlin Heidelberg",
address="Berlin, Heidelberg",
pages="34--46",
isbn="978-3-540-45441-0",
doi="10.1007/3-540-45441-1_4",
url="http://dx.doi.org/10.1007/3-540-45441-1_4"
}

@Inbook{Menzel2008,
author="Menzel, Michael
and Wolter, Christian
and Meinel, Christoph",
editor="Abramowicz, Witold
and Fensel, Dieter",
title="Towards the Aggregation of Security Requirements in Cross-Organisational Service Compositions",
bookTitle="Business Information Systems: 11th International Conference, BIS 2008, Innsbruck, Austria, May 5-7, 2008. Proceedings",
year="2008",
publisher="Springer Berlin Heidelberg",
address="Berlin, Heidelberg",
pages="297--308",
isbn="978-3-540-79396-0",
doi="10.1007/978-3-540-79396-0_26",
url="http://dx.doi.org/10.1007/978-3-540-79396-0_26"
}

@inproceedings{Noel:2004:MAG:1029208.1029225,
 author = {Noel, Steven and Jajodia, Sushil},
 title = {Managing Attack Graph Complexity Through Visual Hierarchical Aggregation},
 booktitle = {Proceedings of the 2004 ACM Workshop on Visualization and Data Mining for Computer Security},
 series = {VizSEC/DMSEC '04},
 year = {2004},
 isbn = {1-58113-974-8},
 location = {Washington DC, USA},
 pages = {109--118},
 numpages = {10},
 url = {http://doi.acm.org/10.1145/1029208.1029225},
 doi = {10.1145/1029208.1029225},
 acmid = {1029225},
 publisher = {ACM},
 address = {New York, NY, USA},
 keywords = {clustered graphs, network attack graphs, network attack modeling, vulnerability analysis},
} 

@article{Scandariato:2015:DSM:2777069.2777099,
 author = {Scandariato, Riccardo and Wuyts, Kim and Joosen, Wouter},
 title = {A Descriptive Study of Microsoft's Threat Modeling Technique},
 journal = {Requir. Eng.},
 issue_date = {June      2015},
 volume = {20},
 number = {2},
 month = jun,
 year = {2015},
 issn = {0947-3602},
 pages = {163--180},
 numpages = {18},
 url = {http://dx.doi.org/10.1007/s00766-013-0195-2},
 doi = {10.1007/s00766-013-0195-2},
 acmid = {2777099},
 publisher = {Springer-Verlag New York, Inc.},
 address = {Secaucus, NJ, USA},
 keywords = {Anti-requirements, Empirical study, STRIDE, Secure software, Threat modeling},
} 

@article{branagan,
          author = {Mark Branagan and Robert Dawson and Dennis Longley},
       booktitle = {Proceedings of the ISSA 2006 from Insight to Foresight Conference},
          editor = {H Venter and J Eloff and L Labuschagne and M Eloff},
         address = {South Africa, Johannesburg},
           title = {Security Risk Analysis for Complex Systems},
       publisher = {ISSA},
           pages = {1--12},
            year = {2006},
        keywords = {Risk Analysis, Simulation, Critical Infrastructure, Information Security Models, Security Documentation},
}